@book{ferrari2020general,
  title={General Relativity and Its Applications: Black Holes, Compact Stars and Gravitational Waves},
  author={Ferrari, V. and Gualtieri, L. and Pani, P.},
  isbn={9781138589773},
  lccn={2020028364},
  url={https://books.google.it/books?id=PyqVzQEACAAJ},
  year={2020},
  publisher={CRC Press}
}

@ARTICLE{1916AnP...354..769E,
       author = {{Einstein}, A.},
        title = "{Die Grundlage der allgemeinen Relativit{\"a}tstheorie}",
      journal = {Annalen der Physik},
         year = 1916,
        month = jan,
       volume = {354},
       number = {7},
        pages = {769-822},
          doi = {10.1002/andp.19163540702},
       adsurl = {https://ui.adsabs.harvard.edu/abs/1916AnP...354..769E},
      adsnote = {Provided by the SAO/NASA Astrophysics Data System}
}

@ARTICLE{1916SPAW.......189S,
       author = {{Schwarzschild}, Karl},
        title = "{{\"U}ber das Gravitationsfeld eines Massenpunktes nach der Einsteinschen Theorie}",
      journal = {Sitzungsberichte der K\&ouml;niglich Preussischen Akademie der Wissenschaften},
         year = 1916,
        month = jan,
        pages = {189-196},
       adsurl = {https://ui.adsabs.harvard.edu/abs/1916SPAW.......189S},
      adsnote = {Provided by the SAO/NASA Astrophysics Data System}
}

@ARTICLE{1963PhRvL..11..237K,
       author = {{Kerr}, Roy P.},
        title = "{Gravitational Field of a Spinning Mass as an Example of Algebraically Special Metrics}",
         year = 1963,
        month = sep,
       volume = {11},
       number = {5},
        pages = {237-238},
          doi = {10.1103/PhysRevLett.11.237},
       adsurl = {https://ui.adsabs.harvard.edu/abs/1963PhRvL..11..237K},
      adsnote = {Provided by the SAO/NASA Astrophysics Data System}
}

@ARTICLE{1996A&A...305..871B,
       author = {{Bombaci}, I.},
        title = "{The maximum mass of a neutron star.}",
         year = 1996,
        month = jan,
       volume = {305},
        pages = {871},
       adsurl = {https://ui.adsabs.harvard.edu/abs/1996A&A...305..871B},
      adsnote = {Provided by the SAO/NASA Astrophysics Data System}
}

@article{Tang_2022,
	doi = {10.1007/jhep12(2022)125},
  
	url = {https://doi.org/10.1007%2Fjhep12%282022%29125},
  
	year = 2022,
	month = {dec},
  
	publisher = {Springer Science and Business Media {LLC},
  	volume = {2022},
  
	number = {12},
  
	author = {Meirong Tang and Zhaoyi Xu},
  
	title = {The no-hair theorem and black hole shadows},
  
	journal = {Journal of High Energy Physics}
}

@ARTICLE{1916AnP...355..106R,
       author = {{Reissner}, H.},
        title = "{{\"U}ber die Eigengravitation des elektrischen Feldes nach der Einsteinschen Theorie}",
      journal = {Annalen der Physik},
         year = 1916,
        month = jan,
       volume = {355},
       number = {9},
        pages = {106-120},
          doi = {10.1002/andp.19163550905},
       adsurl = {https://ui.adsabs.harvard.edu/abs/1916AnP...355..106R},
      adsnote = {Provided by the SAO/NASA Astrophysics Data System}
}

@misc{adamo2016kerrnewman,
      title={The Kerr-Newman metric: A Review}, 
      author={Tim Adamo and E. T. Newman},
      year={2016},
      eprint={1410.6626},
      archivePrefix={arXiv},
      primaryClass={gr-qc}
}

@article{Teukolsky_2015,
	doi = {10.1088/0264-9381/32/12/124006},
  
	url = {https://doi.org/10.1088%2F0264-9381%2F32%2F12%2F124006},
  
	year = 2015,
	month = {jun},
  
	publisher = {{IOP} Publishing},
  
	volume = {32},
  
	number = {12},
  
	pages = {124006},
  
	author = {Saul A Teukolsky},
  
	title = {The Kerr metric},
  
	journal = {Classical and Quantum Gravity}
}

@article{article,
author = {Hu, Jingfu},
year = {2020},
month = {06},
pages = {022059},
title = {The Classification and Characteristics of Black Holes},
volume = {1549},
journal = {Journal of Physics: Conference Series},
doi = {10.1088/1742-6596/1549/2/022059}
}

@article{Flanagan_2005,
   title={The basics of gravitational wave theory},
   volume={7},
   ISSN={1367-2630},
   url={http://dx.doi.org/10.1088/1367-2630/7/1/204},
   DOI={10.1088/1367-2630/7/1/204},
   journal={New Journal of Physics},
   publisher={IOP Publishing},
   author={Flanagan, Éanna É and Hughes, Scott A},
   year={2005},
   month=sep, pages={204–204} }


@article{Mapelli_2020,
   title={Binary Black Hole Mergers: Formation and Populations},
   volume={7},
   ISSN={2296-987X},
   url={http://dx.doi.org/10.3389/fspas.2020.00038},
   DOI={10.3389/fspas.2020.00038},
   journal={Frontiers in Astronomy and Space Sciences},
   publisher={Frontiers Media SA},
   author={Mapelli, Michela},
   year={2020},
   month=jul }

@misc{zhao2022quasinormalmodesblack,
      title={Quasi Normal Modes of Black Holes and Detection in Ringdown Process}, 
      author={Yuqian Zhao and Bing Sun and Zhan-Feng Mai and Zhoujian Cao},
      year={2022},
      eprint={2212.00747},
      archivePrefix={arXiv},
      primaryClass={gr-qc},
      url={https://arxiv.org/abs/2212.00747}, 
}

@article{Flanagan_1998,
   title={Measuring gravitational waves from binary black hole coalescences. I. Signal to noise for inspiral, merger, and ringdown},
   volume={57},
   ISSN={1089-4918},
   url={http://dx.doi.org/10.1103/PhysRevD.57.4535},
   DOI={10.1103/physrevd.57.4535},
   number={8},
   journal={Physical Review D},
   publisher={American Physical Society (APS)},
   author={Flanagan, Éanna É. and Hughes, Scott A.},
   year={1998},
   month=apr, pages={4535–4565} }

@misc{forteza2022novelringdownamplitudephaseconsistency,
      title={A novel ringdown amplitude-phase consistency test}, 
      author={Xisco Jiménez Forteza and Swetha Bhagwat and Sumit Kumar and Paolo Pani},
      year={2022},
      eprint={2205.14910},
      archivePrefix={arXiv},
      primaryClass={gr-qc},
      url={https://arxiv.org/abs/2205.14910}, 
}

@article{PhysRevD.84.124052,
  title = {Inspiral-merger-ringdown multipolar waveforms of nonspinning black-hole binaries using the effective-one-body formalism},
  author = {Pan, Yi and Buonanno, Alessandra and Boyle, Michael and Buchman, Luisa T. and Kidder, Lawrence E. and Pfeiffer, Harald P. and Scheel, Mark A.},
  journal = {Phys. Rev. D},
  volume = {84},
  issue = {12},
  pages = {124052},
  numpages = {26},
  year = {2011},
  month = {Dec},
  publisher = {American Physical Society},
  doi = {10.1103/PhysRevD.84.124052},
  url = {https://link.aps.org/doi/10.1103/PhysRevD.84.124052}
}

@article{Taracchini_2014,
   title={Effective-one-body model for black-hole binaries with generic mass ratios and spins},
   volume={89},
   ISSN={1550-2368},
   url={http://dx.doi.org/10.1103/PhysRevD.89.061502},
   DOI={10.1103/physrevd.89.061502},
   number={6},
   journal={Physical Review D},
   publisher={American Physical Society (APS)},
   author={Taracchini, Andrea and Buonanno, Alessandra and Pan, Yi and Hinderer, Tanja and Boyle, Michael and Hemberger, Daniel A. and Kidder, Lawrence E. and Lovelace, Geoffrey and Mroué, Abdul H. and Pfeiffer, Harald P. and Scheel, Mark A. and Szilágyi, Béla and Taylor, Nicholas W. and Zenginoglu, Anil},
   year={2014},
   month=mar }
   
@misc{toubiana2024measuringsourcepropertiesquasinormalmode,
      title={Measuring source properties and quasi-normal-mode frequencies of heavy massive black-hole binaries with LISA}, 
      author={Alexandre Toubiana and Lorenzo Pompili and Alessandra Buonanno and Jonathan R. Gair and Michael L. Katz},
      year={2024},
      eprint={2307.15086},
      archivePrefix={arXiv},
      primaryClass={gr-qc},
      url={https://arxiv.org/abs/2307.15086}, 
}

@article{Buonanno_2000,
   title={Transition from inspiral to plunge in binary black hole coalescences},
   volume={62},
   ISSN={1089-4918},
   url={http://dx.doi.org/10.1103/PhysRevD.62.064015},
   DOI={10.1103/physrevd.62.064015},
   number={6},
   journal={Physical Review D},
   publisher={American Physical Society (APS)},
   author={Buonanno, Alessandra and Damour, Thibault},
   year={2000},
   month=aug }


@article{2020,
   title={Planck2018 results: VI. Cosmological parameters},
   volume={641},
   ISSN={1432-0746},
   url={http://dx.doi.org/10.1051/0004-6361/201833910},
   DOI={10.1051/0004-6361/201833910},
   journal={Astronomy \&amp; Astrophysics},
   publisher={EDP Sciences},
   author={Aghanim, N. and Akrami, Y. and Ashdown, M. and Aumont, J. and Baccigalupi, C. and Ballardini, M. and Banday, A. J. and Barreiro, R. B. and Bartolo, N. and Basak, S. and Battye, R. and Benabed, K. and Bernard, J.-P. and Bersanelli, M. and Bielewicz, P. and Bock, J. J. and Bond, J. R. and Borrill, J. and Bouchet, F. R. and Boulanger, F. and Bucher, M. and Burigana, C. and Butler, R. C. and Calabrese, E. and Cardoso, J.-F. and Carron, J. and Challinor, A. and Chiang, H. C. and Chluba, J. and Colombo, L. P. L. and Combet, C. and Contreras, D. and Crill, B. P. and Cuttaia, F. and de Bernardis, P. and de Zotti, G. and Delabrouille, J. and Delouis, J.-M. and Di Valentino, E. and Diego, J. M. and Doré, O. and Douspis, M. and Ducout, A. and Dupac, X. and Dusini, S. and Efstathiou, G. and Elsner, F. and Enßlin, T. A. and Eriksen, H. K. and Fantaye, Y. and Farhang, M. and Fergusson, J. and Fernandez-Cobos, R. and Finelli, F. and Forastieri, F. and Frailis, M. and Fraisse, A. A. and Franceschi, E. and Frolov, A. and Galeotta, S. and Galli, S. and Ganga, K. and Génova-Santos, R. T. and Gerbino, M. and Ghosh, T. and González-Nuevo, J. and Górski, K. M. and Gratton, S. and Gruppuso, A. and Gudmundsson, J. E. and Hamann, J. and Handley, W. and Hansen, F. K. and Herranz, D. and Hildebrandt, S. R. and Hivon, E. and Huang, Z. and Jaffe, A. H. and Jones, W. C. and Karakci, A. and Keihänen, E. and Keskitalo, R. and Kiiveri, K. and Kim, J. and Kisner, T. S. and Knox, L. and Krachmalnicoff, N. and Kunz, M. and Kurki-Suonio, H. and Lagache, G. and Lamarre, J.-M. and Lasenby, A. and Lattanzi, M. and Lawrence, C. R. and Le Jeune, M. and Lemos, P. and Lesgourgues, J. and Levrier, F. and Lewis, A. and Liguori, M. and Lilje, P. B. and Lilley, M. and Lindholm, V. and López-Caniego, M. and Lubin, P. M. and Ma, Y.-Z. and Macías-Pérez, J. F. and Maggio, G. and Maino, D. and Mandolesi, N. and Mangilli, A. and Marcos-Caballero, A. and Maris, M. and Martin, P. G. and Martinelli, M. and Martínez-González, E. and Matarrese, S. and Mauri, N. and McEwen, J. D. and Meinhold, P. R. and Melchiorri, A. and Mennella, A. and Migliaccio, M. and Millea, M. and Mitra, S. and Miville-Deschênes, M.-A. and Molinari, D. and Montier, L. and Morgante, G. and Moss, A. and Natoli, P. and Nørgaard-Nielsen, H. U. and Pagano, L. and Paoletti, D. and Partridge, B. and Patanchon, G. and Peiris, H. V. and Perrotta, F. and Pettorino, V. and Piacentini, F. and Polastri, L. and Polenta, G. and Puget, J.-L. and Rachen, J. P. and Reinecke, M. and Remazeilles, M. and Renzi, A. and Rocha, G. and Rosset, C. and Roudier, G. and Rubiño-Martín, J. A. and Ruiz-Granados, B. and Salvati, L. and Sandri, M. and Savelainen, M. and Scott, D. and Shellard, E. P. S. and Sirignano, C. and Sirri, G. and Spencer, L. D. and Sunyaev, R. and Suur-Uski, A.-S. and Tauber, J. A. and Tavagnacco, D. and Tenti, M. and Toffolatti, L. and Tomasi, M. and Trombetti, T. and Valenziano, L. and Valiviita, J. and Van Tent, B. and Vibert, L. and Vielva, P. and Villa, F. and Vittorio, N. and Wandelt, B. D. and Wehus, I. K. and White, M. and White, S. D. M. and Zacchei, A. and Zonca, A.},
   year={2020},
   month=sep, pages={A6} }

@misc{pompili2023layingfoundationeffectiveonebodywaveform,
      title={Laying the foundation of the effective-one-body waveform models SEOBNRv5: improved accuracy and efficiency for spinning non-precessing binary black holes}, 
      author={Lorenzo Pompili and Alessandra Buonanno and Héctor Estellés and Mohammed Khalil and Maarten van de Meent and Deyan P. Mihaylov and Serguei Ossokine and Michael Pürrer and Antoni Ramos-Buades and Ajit Kumar Mehta and Roberto Cotesta and Sylvain Marsat and Michael Boyle and Lawrence E. Kidder and Harald P. Pfeiffer and Mark A. Scheel and Hannes R. Rüter and Nils Vu and Reetika Dudi and Sizheng Ma and Keefe Mitman and Denyz Melchor and Sierra Thomas and Jennifer Sanchez},
      year={2023},
      eprint={2303.18039},
      archivePrefix={arXiv},
      primaryClass={gr-qc},
      url={https://arxiv.org/abs/2303.18039}, 
}

@article{Damour_2009,
   title={Improved resummation of post-Newtonian multipolar waveforms from circularized compact binaries},
   volume={79},
   ISSN={1550-2368},
   url={http://dx.doi.org/10.1103/PhysRevD.79.064004},
   DOI={10.1103/physrevd.79.064004},
   number={6},
   journal={Physical Review D},
   publisher={American Physical Society (APS)},
   author={Damour, Thibault and Iyer, Bala R. and Nagar, Alessandro},
   year={2009},
   month=mar }
   
@article{Damour_2007,
   title={Faithful effective-one-body waveforms of small-mass-ratio coalescing black hole binaries},
   volume={76},
   ISSN={1550-2368},
   url={http://dx.doi.org/10.1103/PhysRevD.76.064028},
   DOI={10.1103/physrevd.76.064028},
   number={6},
   journal={Physical Review D},
   publisher={American Physical Society (APS)},
   author={Damour, Thibault and Nagar, Alessandro},
   year={2007},
   month=sep }
   
@article{Cotesta_2018,
   title={Enriching the symphony of gravitational waves from binary black holes by tuning higher harmonics},
   volume={98},
   ISSN={2470-0029},
   url={http://dx.doi.org/10.1103/PhysRevD.98.084028},
   DOI={10.1103/physrevd.98.084028},
   number={8},
   journal={Physical Review D},
   publisher={American Physical Society (APS)},
   author={Cotesta, Roberto and Buonanno, Alessandra and Bohé, Alejandro and Taracchini, Andrea and Hinder, Ian and Ossokine, Serguei},
   year={2018},
   month=oct }

@article{Abbott_2016,
   title={Observation of Gravitational Waves from a Binary Black Hole Merger},
   volume={116},
   ISSN={1079-7114},
   url={http://dx.doi.org/10.1103/PhysRevLett.116.061102},
   DOI={10.1103/physrevlett.116.061102},
   number={6},
   journal={Physical Review Letters},
   publisher={American Physical Society (APS)},
   author={Abbott, B. P. and Abbott, R. and Abbott, T. D. and Abernathy, M. R. and Acernese, F. and Ackley, K. and Adams, C. and Adams, T. and Addesso, P. and Adhikari, R. X. and Adya, V. B. and Affeldt, C. and Agathos, M. and Agatsuma, K. and Aggarwal, N. and Aguiar, O. D. and Aiello, L. and Ain, A. and Ajith, P. and Allen, B. and Allocca, A. and Altin, P. A. and Anderson, S. B. and Anderson, W. G. and Arai, K. and Arain, M. A. and Araya, M. C. and Arceneaux, C. C. and Areeda, J. S. and Arnaud, N. and Arun, K. G. and Ascenzi, S. and Ashton, G. and Ast, M. and Aston, S. M. and Astone, P. and Aufmuth, P. and Aulbert, C. and Babak, S. and Bacon, P. and Bader, M. K. M. and Baker, P. T. and Baldaccini, F. and Ballardin, G. and Ballmer, S. W. and Barayoga, J. C. and Barclay, S. E. and Barish, B. C. and Barker, D. and Barone, F. and Barr, B. and Barsotti, L. and Barsuglia, M. and Barta, D. and Bartlett, J. and Barton, M. A. and Bartos, I. and Bassiri, R. and Basti, A. and Batch, J. C. and Baune, C. and Bavigadda, V. and Bazzan, M. and Behnke, B. and Bejger, M. and Belczynski, C. and Bell, A. S. and Bell, C. J. and Berger, B. K. and Bergman, J. and Bergmann, G. and Berry, C. P. L. and Bersanetti, D. and Bertolini, A. and Betzwieser, J. and Bhagwat, S. and Bhandare, R. and Bilenko, I. A. and Billingsley, G. and Birch, J. and Birney, I. A. and Birnholtz, O. and Biscans, S. and Bisht, A. and Bitossi, M. and Biwer, C. and Bizouard, M. A. and Blackburn, J. K. and Blair, C. D. and Blair, D. G. and Blair, R. M. and Bloemen, S. and Bock, O. and Bodiya, T. P. and Boer, M. and Bogaert, G. and Bogan, C. and Bohe, A. and Bojtos, P. and Bond, C. and Bondu, F. and Bonnand, R. and Boom, B. A. and Bork, R. and Boschi, V. and Bose, S. and Bouffanais, Y. and Bozzi, A. and Bradaschia, C. and Brady, P. R. and Braginsky, V. B. and Branchesi, M. and Brau, J. E. and Briant, T. and Brillet, A. and Brinkmann, M. and Brisson, V. and Brockill, P. and Brooks, A. F. and Brown, D. A. and Brown, D. D. and Brown, N. M. and Buchanan, C. C. and Buikema, A. and Bulik, T. and Bulten, H. J. and Buonanno, A. and Buskulic, D. and Buy, C. and Byer, R. L. and Cabero, M. and Cadonati, L. and Cagnoli, G. and Cahillane, C. and Bustillo, J. Calderón and Callister, T. and Calloni, E. and Camp, J. B. and Cannon, K. C. and Cao, J. and Capano, C. D. and Capocasa, E. and Carbognani, F. and Caride, S. and Diaz, J. Casanueva and Casentini, C. and Caudill, S. and Cavaglià, M. and Cavalier, F. and Cavalieri, R. and Cella, G. and Cepeda, C. B. and Baiardi, L. Cerboni and Cerretani, G. and Cesarini, E. and Chakraborty, R. and Chalermsongsak, T. and Chamberlin, S. J. and Chan, M. and Chao, S. and Charlton, P. and Chassande-Mottin, E. and Chen, H. Y. and Chen, Y. and Cheng, C. and Chincarini, A. and Chiummo, A. and Cho, H. S. and Cho, M. and Chow, J. H. and Christensen, N. and Chu, Q. and Chua, S. and Chung, S. and Ciani, G. and Clara, F. and Clark, J. A. and Cleva, F. and Coccia, E. and Cohadon, P.-F. and Colla, A. and Collette, C. G. and Cominsky, L. and Constancio, M. and Conte, A. and Conti, L. and Cook, D. and Corbitt, T. R. and Cornish, N. and Corsi, A. and Cortese, S. and Costa, C. A. and Coughlin, M. W. and Coughlin, S. B. and Coulon, J.-P. and Countryman, S. T. and Couvares, P. and Cowan, E. E. and Coward, D. M. and Cowart, M. J. and Coyne, D. C. and Coyne, R. and Craig, K. and Creighton, J. D. E. and Creighton, T. D. and Cripe, J. and Crowder, S. G. and Cruise, A. M. and Cumming, A. and Cunningham, L. and Cuoco, E. and Canton, T. Dal and Danilishin, S. L. and D’Antonio, S. and Danzmann, K. and Darman, N. S. and Da Silva Costa, C. F. and Dattilo, V. and Dave, I. and Daveloza, H. P. and Davier, M. and Davies, G. S. and Daw, E. J. and Day, R. and De, S. and DeBra, D. and Debreczeni, G. and Degallaix, J. and De Laurentis, M. and Deléglise, S. and Del Pozzo, W. and Denker, T. and Dent, T. and Dereli, H. and Dergachev, V. and DeRosa, R. T. and De Rosa, R. and DeSalvo, R. and Dhurandhar, S. and Díaz, M. C. and Di Fiore, L. and Di Giovanni, M. and Di Lieto, A. and Di Pace, S. and Di Palma, I. and Di Virgilio, A. and Dojcinoski, G. and Dolique, V. and Donovan, F. and Dooley, K. L. and Doravari, S. and Douglas, R. and Downes, T. P. and Drago, M. and Drever, R. W. P. and Driggers, J. C. and Du, Z. and Ducrot, M. and Dwyer, S. E. and Edo, T. B. and Edwards, M. C. and Effler, A. and Eggenstein, H.-B. and Ehrens, P. and Eichholz, J. and Eikenberry, S. S. and Engels, W. and Essick, R. C. and Etzel, T. and Evans, M. and Evans, T. M. and Everett, R. and Factourovich, M. and Fafone, V. and Fair, H. and Fairhurst, S. and Fan, X. and Fang, Q. and Farinon, S. and Farr, B. and Farr, W. M. and Favata, M. and Fays, M. and Fehrmann, H. and Fejer, M. M. and Feldbaum, D. and Ferrante, I. and Ferreira, E. C. and Ferrini, F. and Fidecaro, F. and Finn, L. S. and Fiori, I. and Fiorucci, D. and Fisher, R. P. and Flaminio, R. and Fletcher, M. and Fong, H. and Fournier, J.-D. and Franco, S. and Frasca, S. and Frasconi, F. and Frede, M. and Frei, Z. and Freise, A. and Frey, R. and Frey, V. and Fricke, T. T. and Fritschel, P. and Frolov, V. V. and Fulda, P. and Fyffe, M. and Gabbard, H. A. G. and Gair, J. R. and Gammaitoni, L. and Gaonkar, S. G. and Garufi, F. and Gatto, A. and Gaur, G. and Gehrels, N. and Gemme, G. and Gendre, B. and Genin, E. and Gennai, A. and George, J. and Gergely, L. and Germain, V. and Ghosh, Abhirup and Ghosh, Archisman and Ghosh, S. and Giaime, J. A. and Giardina, K. D. and Giazotto, A. and Gill, K. and Glaefke, A. and Gleason, J. R. and Goetz, E. and Goetz, R. and Gondan, L. and González, G. and Castro, J. M. Gonzalez and Gopakumar, A. and Gordon, N. A. and Gorodetsky, M. L. and Gossan, S. E. and Gosselin, M. and Gouaty, R. and Graef, C. and Graff, P. B. and Granata, M. and Grant, A. and Gras, S. and Gray, C. and Greco, G. and Green, A. C. and Greenhalgh, R. J. S. and Groot, P. and Grote, H. and Grunewald, S. and Guidi, G. M. and Guo, X. and Gupta, A. and Gupta, M. K. and Gushwa, K. E. and Gustafson, E. K. and Gustafson, R. and Hacker, J. J. and Hall, B. R. and Hall, E. D. and Hammond, G. and Haney, M. and Hanke, M. M. and Hanks, J. and Hanna, C. and Hannam, M. D. and Hanson, J. and Hardwick, T. and Harms, J. and Harry, G. M. and Harry, I. W. and Hart, M. J. and Hartman, M. T. and Haster, C.-J. and Haughian, K. and Healy, J. and Heefner, J. and Heidmann, A. and Heintze, M. C. and Heinzel, G. and Heitmann, H. and Hello, P. and Hemming, G. and Hendry, M. and Heng, I. S. and Hennig, J. and Heptonstall, A. W. and Heurs, M. and Hild, S. and Hoak, D. and Hodge, K. A. and Hofman, D. and Hollitt, S. E. and Holt, K. and Holz, D. E. and Hopkins, P. and Hosken, D. J. and Hough, J. and Houston, E. A. and Howell, E. J. and Hu, Y. M. and Huang, S. and Huerta, E. A. and Huet, D. and Hughey, B. and Husa, S. and Huttner, S. H. and Huynh-Dinh, T. and Idrisy, A. and Indik, N. and Ingram, D. R. and Inta, R. and Isa, H. N. and Isac, J.-M. and Isi, M. and Islas, G. and Isogai, T. and Iyer, B. R. and Izumi, K. and Jacobson, M. B. and Jacqmin, T. and Jang, H. and Jani, K. and Jaranowski, P. and Jawahar, S. and Jiménez-Forteza, F. and Johnson, W. W. and Johnson-McDaniel, N. K. and Jones, D. I. and Jones, R. and Jonker, R. J. G. and Ju, L. and Haris, K. and Kalaghatgi, C. V. and Kalogera, V. and Kandhasamy, S. and Kang, G. and Kanner, J. B. and Karki, S. and Kasprzack, M. and Katsavounidis, E. and Katzman, W. and Kaufer, S. and Kaur, T. and Kawabe, K. and Kawazoe, F. and Kéfélian, F. and Kehl, M. S. and Keitel, D. and Kelley, D. B. and Kells, W. and Kennedy, R. and Keppel, D. G. and Key, J. S. and Khalaidovski, A. and Khalili, F. Y. and Khan, I. and Khan, S. and Khan, Z. and Khazanov, E. A. and Kijbunchoo, N. and Kim, C. and Kim, J. and Kim, K. and Kim, Nam-Gyu and Kim, Namjun and Kim, Y.-M. and King, E. J. and King, P. J. and Kinzel, D. L. and Kissel, J. S. and Kleybolte, L. and Klimenko, S. and Koehlenbeck, S. M. and Kokeyama, K. and Koley, S. and Kondrashov, V. and Kontos, A. and Koranda, S. and Korobko, M. and Korth, W. Z. and Kowalska, I. and Kozak, D. B. and Kringel, V. and Krishnan, B. and Królak, A. and Krueger, C. and Kuehn, G. and Kumar, P. and Kumar, R. and Kuo, L. and Kutynia, A. and Kwee, P. and Lackey, B. D. and Landry, M. and Lange, J. and Lantz, B. and Lasky, P. D. and Lazzarini, A. and Lazzaro, C. and Leaci, P. and Leavey, S. and Lebigot, E. O. and Lee, C. H. and Lee, H. K. and Lee, H. M. and Lee, K. and Lenon, A. and Leonardi, M. and Leong, J. R. and Leroy, N. and Letendre, N. and Levin, Y. and Levine, B. M. and Li, T. G. F. and Libson, A. and Littenberg, T. B. and Lockerbie, N. A. and Logue, J. and Lombardi, A. L. and London, L. T. and Lord, J. E. and Lorenzini, M. and Loriette, V. and Lormand, M. and Losurdo, G. and Lough, J. D. and Lousto, C. O. and Lovelace, G. and Lück, H. and Lundgren, A. P. and Luo, J. and Lynch, R. and Ma, Y. and MacDonald, T. and Machenschalk, B. and MacInnis, M. and Macleod, D. M. and Magaña-Sandoval, F. and Magee, R. M. and Mageswaran, M. and Majorana, E. and Maksimovic, I. and Malvezzi, V. and Man, N. and Mandel, I. and Mandic, V. and Mangano, V. and Mansell, G. L. and Manske, M. and Mantovani, M. and Marchesoni, F. and Marion, F. and Márka, S. and Márka, Z. and Markosyan, A. S. and Maros, E. and Martelli, F. and Martellini, L. and Martin, I. W. and Martin, R. M. and Martynov, D. V. and Marx, J. N. and Mason, K. and Masserot, A. and Massinger, T. J. and Masso-Reid, M. and Matichard, F. and Matone, L. and Mavalvala, N. and Mazumder, N. and Mazzolo, G. and McCarthy, R. and McClelland, D. E. and McCormick, S. and McGuire, S. C. and McIntyre, G. and McIver, J. and McManus, D. J. and McWilliams, S. T. and Meacher, D. and Meadors, G. D. and Meidam, J. and Melatos, A. and Mendell, G. and Mendoza-Gandara, D. and Mercer, R. A. and Merilh, E. and Merzougui, M. and Meshkov, S. and Messenger, C. and Messick, C. and Meyers, P. M. and Mezzani, F. and Miao, H. and Michel, C. and Middleton, H. and Mikhailov, E. E. and Milano, L. and Miller, J. and Millhouse, M. and Minenkov, Y. and Ming, J. and Mirshekari, S. and Mishra, C. and Mitra, S. and Mitrofanov, V. P. and Mitselmakher, G. and Mittleman, R. and Moggi, A. and Mohan, M. and Mohapatra, S. R. P. and Montani, M. and Moore, B. C. and Moore, C. J. and Moraru, D. and Moreno, G. and Morriss, S. R. and Mossavi, K. and Mours, B. and Mow-Lowry, C. M. and Mueller, C. L. and Mueller, G. and Muir, A. W. and Mukherjee, Arunava and Mukherjee, D. and Mukherjee, S. and Mukund, N. and Mullavey, A. and Munch, J. and Murphy, D. J. and Murray, P. G. and Mytidis, A. and Nardecchia, I. and Naticchioni, L. and Nayak, R. K. and Necula, V. and Nedkova, K. and Nelemans, G. and Neri, M. and Neunzert, A. and Newton, G. and Nguyen, T. T. and Nielsen, A. B. and Nissanke, S. and Nitz, A. and Nocera, F. and Nolting, D. and Normandin, M. E. N. and Nuttall, L. K. and Oberling, J. and Ochsner, E. and O’Dell, J. and Oelker, E. and Ogin, G. H. and Oh, J. J. and Oh, S. H. and Ohme, F. and Oliver, M. and Oppermann, P. and Oram, Richard J. and O’Reilly, B. and O’Shaughnessy, R. and Ott, C. D. and Ottaway, D. J. and Ottens, R. S. and Overmier, H. and Owen, B. J. and Pai, A. and Pai, S. A. and Palamos, J. R. and Palashov, O. and Palomba, C. and Pal-Singh, A. and Pan, H. and Pan, Y. and Pankow, C. and Pannarale, F. and Pant, B. C. and Paoletti, F. and Paoli, A. and Papa, M. A. and Paris, H. R. and Parker, W. and Pascucci, D. and Pasqualetti, A. and Passaquieti, R. and Passuello, D. and Patricelli, B. and Patrick, Z. and Pearlstone, B. L. and Pedraza, M. and Pedurand, R. and Pekowsky, L. and Pele, A. and Penn, S. and Perreca, A. and Pfeiffer, H. P. and Phelps, M. and Piccinni, O. and Pichot, M. and Pickenpack, M. and Piergiovanni, F. and Pierro, V. and Pillant, G. and Pinard, L. and Pinto, I. M. and Pitkin, M. and Poeld, J. H. and Poggiani, R. and Popolizio, P. and Post, A. and Powell, J. and Prasad, J. and Predoi, V. and Premachandra, S. S. and Prestegard, T. and Price, L. R. and Prijatelj, M. and Principe, M. and Privitera, S. and Prix, R. and Prodi, G. A. and Prokhorov, L. and Puncken, O. and Punturo, M. and Puppo, P. and Pürrer, M. and Qi, H. and Qin, J. and Quetschke, V. and Quintero, E. A. and Quitzow-James, R. and Raab, F. J. and Rabeling, D. S. and Radkins, H. and Raffai, P. and Raja, S. and Rakhmanov, M. and Ramet, C. R. and Rapagnani, P. and Raymond, V. and Razzano, M. and Re, V. and Read, J. and Reed, C. M. and Regimbau, T. and Rei, L. and Reid, S. and Reitze, D. H. and Rew, H. and Reyes, S. D. and Ricci, F. and Riles, K. and Robertson, N. A. and Robie, R. and Robinet, F. and Rocchi, A. and Rolland, L. and Rollins, J. G. and Roma, V. J. and Romano, J. D. and Romano, R. and Romanov, G. and Romie, J. H. and Rosińska, D. and Rowan, S. and Rüdiger, A. and Ruggi, P. and Ryan, K. and Sachdev, S. and Sadecki, T. and Sadeghian, L. and Salconi, L. and Saleem, M. and Salemi, F. and Samajdar, A. and Sammut, L. and Sampson, L. M. and Sanchez, E. J. and Sandberg, V. and Sandeen, B. and Sanders, G. H. and Sanders, J. R. and Sassolas, B. and Sathyaprakash, B. S. and Saulson, P. R. and Sauter, O. and Savage, R. L. and Sawadsky, A. and Schale, P. and Schilling, R. and Schmidt, J. and Schmidt, P. and Schnabel, R. and Schofield, R. M. S. and Schönbeck, A. and Schreiber, E. and Schuette, D. and Schutz, B. F. and Scott, J. and Scott, S. M. and Sellers, D. and Sengupta, A. S. and Sentenac, D. and Sequino, V. and Sergeev, A. and Serna, G. and Setyawati, Y. and Sevigny, A. and Shaddock, D. A. and Shaffer, T. and Shah, S. and Shahriar, M. S. and Shaltev, M. and Shao, Z. and Shapiro, B. and Shawhan, P. and Sheperd, A. and Shoemaker, D. H. and Shoemaker, D. M. and Siellez, K. and Siemens, X. and Sigg, D. and Silva, A. D. and Simakov, D. and Singer, A. and Singer, L. P. and Singh, A. and Singh, R. and Singhal, A. and Sintes, A. M. and Slagmolen, B. J. J. and Smith, J. R. and Smith, M. R. and Smith, N. D. and Smith, R. J. E. and Son, E. J. and Sorazu, B. and Sorrentino, F. and Souradeep, T. and Srivastava, A. K. and Staley, A. and Steinke, M. and Steinlechner, J. and Steinlechner, S. and Steinmeyer, D. and Stephens, B. C. and Stevenson, S. P. and Stone, R. and Strain, K. A. and Straniero, N. and Stratta, G. and Strauss, N. A. and Strigin, S. and Sturani, R. and Stuver, A. L. and Summerscales, T. Z. and Sun, L. and Sutton, P. J. and Swinkels, B. L. and Szczepańczyk, M. J. and Tacca, M. and Talukder, D. and Tanner, D. B. and Tápai, M. and Tarabrin, S. P. and Taracchini, A. and Taylor, R. and Theeg, T. and Thirugnanasambandam, M. P. and Thomas, E. G. and Thomas, M. and Thomas, P. and Thorne, K. A. and Thorne, K. S. and Thrane, E. and Tiwari, S. and Tiwari, V. and Tokmakov, K. V. and Tomlinson, C. and Tonelli, M. and Torres, C. V. and Torrie, C. I. and Töyrä, D. and Travasso, F. and Traylor, G. and Trifirò, D. and Tringali, M. C. and Trozzo, L. and Tse, M. and Turconi, M. and Tuyenbayev, D. and Ugolini, D. and Unnikrishnan, C. S. and Urban, A. L. and Usman, S. A. and Vahlbruch, H. and Vajente, G. and Valdes, G. and Vallisneri, M. and van Bakel, N. and van Beuzekom, M. and van den Brand, J. F. J. and Van Den Broeck, C. and Vander-Hyde, D. C. and van der Schaaf, L. and van Heijningen, J. V. and van Veggel, A. A. and Vardaro, M. and Vass, S. and Vasúth, M. and Vaulin, R. and Vecchio, A. and Vedovato, G. and Veitch, J. and Veitch, P. J. and Venkateswara, K. and Verkindt, D. and Vetrano, F. and Viceré, A. and Vinciguerra, S. and Vine, D. J. and Vinet, J.-Y. and Vitale, S. and Vo, T. and Vocca, H. and Vorvick, C. and Voss, D. and Vousden, W. D. and Vyatchanin, S. P. and Wade, A. R. and Wade, L. E. and Wade, M. and Waldman, S. J. and Walker, M. and Wallace, L. and Walsh, S. and Wang, G. and Wang, H. and Wang, M. and Wang, X. and Wang, Y. and Ward, H. and Ward, R. L. and Warner, J. and Was, M. and Weaver, B. and Wei, L.-W. and Weinert, M. and Weinstein, A. J. and Weiss, R. and Welborn, T. and Wen, L. and Weßels, P. and Westphal, T. and Wette, K. and Whelan, J. T. and Whitcomb, S. E. and White, D. J. and Whiting, B. F. and Wiesner, K. and Wilkinson, C. and Willems, P. A. and Williams, L. and Williams, R. D. and Williamson, A. R. and Willis, J. L. and Willke, B. and Wimmer, M. H. and Winkelmann, L. and Winkler, W. and Wipf, C. C. and Wiseman, A. G. and Wittel, H. and Woan, G. and Worden, J. and Wright, J. L. and Wu, G. and Yablon, J. and Yakushin, I. and Yam, W. and Yamamoto, H. and Yancey, C. C. and Yap, M. J. and Yu, H. and Yvert, M. and Zadrożny, A. and Zangrando, L. and Zanolin, M. and Zendri, J.-P. and Zevin, M. and Zhang, F. and Zhang, L. and Zhang, M. and Zhang, Y. and Zhao, C. and Zhou, M. and Zhou, Z. and Zhu, X. J. and Zucker, M. E. and Zuraw, S. E. and Zweizig, J.},
   year={2016},
   month=feb }

@article{Accadia_2012,
doi = {10.1088/1748-0221/7/03/P03012},
url = {https://dx.doi.org/10.1088/1748-0221/7/03/P03012},
year = {2012},
month = {mar},
publisher = {},
volume = {7},
number = {03},
pages = {P03012},
author = {T Accadia and  F Acernese and  M Alshourbagy and  P Amico and  F Antonucci and  S Aoudia and  N Arnaud and  C Arnault and  K G Arun and  P Astone and  S Avino and  D Babusci and  G Ballardin and  F Barone and  G Barrand and  L Barsotti and  M Barsuglia and  A Basti and  Th S Bauer and  F Beauville and  M Bebronne and  M Bejger and  M G Beker and  F Bellachia and  A Belletoile and  J L Beney and  M Bernardini and  S Bigotta and  R Bilhaut and  S Birindelli and  M Bitossi and  M A Bizouard and  M Blom and  C Boccara and  D Boget and  F Bondu and  L Bonelli and  R Bonnand and  V Boschi and  L Bosi and  T Bouedo and  B Bouhou and  A Bozzi and  L Bracci and  S Braccini and  C Bradaschia and  M Branchesi and  T Briant and  A Brillet and  V Brisson and  L Brocco and  T Bulik and  H J Bulten and  D Buskulic and  C Buy and  G Cagnoli and  G Calamai and  E Calloni and  E Campagna and  B Canuel and  F Carbognani and  L Carbone and  F Cavalier and  R Cavalieri and  R Cecchi and  G Cella and  E Cesarini and  E Chassande-Mottin and  S Chatterji and  R Chiche and  A Chincarini and  A Chiummo and  N Christensen and  A C Clapson and  F Cleva and  E Coccia and  P -F Cohadon and  C N Colacino and  J Colas and  A Colla and  M Colombini and  G Conforto and  A Corsi and  S Cortese and  F Cottone and  J -P Coulon and  E Cuoco and  S D'Antonio and  G Daguin and  A Dari and  V Dattilo and  P Y David and  M Davier and  R Day and  G Debreczeni and  G De Carolis and  M Dehamme and  R Del Fabbro and  W Del Pozzo and  M del Prete and  L Derome and  R De Rosa and  R DeSalvo and  M Dialinas and  L Di Fiore and  A Di Lieto and  M Di Paolo Emilio and  A Di Virgilio and  A Dietz and  M Doets and  P Dominici and  A Dominjon and  M Drago and  C Drezen and  B Dujardin and  B Dulach and  C Eder and  A Eleuteri and  D Enard and  M Evans and  L Fabbroni and  V Fafone and  H Fang and  I Ferrante and  F Fidecaro and  I Fiori and  R Flaminio and  D Forest and  L A Forte and  J -D Fournier and  L Fournier and  J Franc and  O Francois and  S Frasca and  F Frasconi and  A Freise and  A Gaddi and  M Galimberti and  L Gammaitoni and  P Ganau and  C Garnier and  F Garufi and  M E Gáspár and  G Gemme and  E Genin and  A Gennai and  G Gennaro and  L Giacobone and  A Giazotto and  G Giordano and  L Giordano and  C Girard and  R Gouaty and  A Grado and  M Granata and  V Granata and  X Grave and  C Greverie and  H Groenstege and  G M Guidi and  S Hamdani and  J -F Hayau and  S Hebri and  A Heidmann and  H Heitmann and  P Hello and  G Hemming and  E Hennes and  R Hermel and  P Heusse and  L Holloway and  D Huet and  M Iannarelli and  P Jaranowski and  D Jehanno and  L Journet and  S Karkar and  T Ketel and  H Voet and  J Kovalik and  I Kowalska and  S Kreckelbergh and  A Krolak and  J C Lacotte and  B Lagrange and  P La Penna and  M Laval and  J C Le Marec and  N Leroy and  N Letendre and  T G F Li and  B Lieunard and  N Liguori and  O Lodygensky and  B Lopez and  M Lorenzini and  V Loriette and  G Losurdo and  M Loupias and  J M Mackowski and  T Maiani and  E Majorana and  C Magazzù and  I Maksimovic and  V Malvezzi and  N Man and  S Mancini and  B Mansoux and  M Mantovani and  F Marchesoni and  F Marion and  P Marin and  J Marque and  F Martelli and  A Masserot and  L Massonnet and  G Matone and  L Matone and  M Mazzoni and  F Menzinger and  C Michel and  L Milano and  Y Minenkov and  S Mitra and  M Mohan and  J -L Montorio and  R Morand and  F Moreau and  J Moreau and  N Morgado and  A Morgia and  S Mosca and  V Moscatelli and  B Mours and  P Mugnier and  F -A Mul and  L Naticchioni and  I Neri and  F Nocera and  E Pacaud and  G Pagliaroli and  A Pai and  L Palladino and  C Palomba and  F Paoletti and  R Paoletti and  A Paoli and  S Pardi and  G Parguez and  M Parisi and  A Pasqualetti and  R Passaquieti and  D Passuello and  M Perciballi and  B Perniola and  G Persichetti and  S Petit and  M Pichot and  F Piergiovanni and  M Pietka and  R Pignard and  L Pinard and  R Poggiani and  P Popolizio and  T Pradier and  M Prato and  G A Prodi and  M Punturo and  P Puppo and  K Qipiani and  O Rabaste and  D S Rabeling and  I Rácz and  F Raffaelli and  P Rapagnani and  S Rapisarda and  V Re and  A Reboux and  T Regimbau and  V Reita and  A Remilleux and  F Ricci and  I Ricciardi and  F Richard and  M Ripepe and  F Robinet and  A Rocchi and  L Rolland and  R Romano and  D Rosińska and  P Roudier and  P Ruggi and  G Russo and  L Salconi and  V Sannibale and  B Sassolas and  D Sentenac and  S Solimeno and  R Sottile and  L Sperandio and  R Stanga and  R Sturani and  B Swinkels and  M Tacca and  R Taddei and  L Taffarello and  M Tarallo and  S Tissot and  A Toncelli and  M Tonelli and  O Torre and  E Tournefier and  F Travasso and  C Tremola and  E Turri and  G Vajente and  J F J van den Brand and  C Van Den Broeck and  S van der Putten and  M Vasuth and  M Vavoulidis and  G Vedovato and  D Verkindt and  F Vetrano and  O Véziant and  A Viceré and  J -Y Vinet and  S Vilalte and  S Vitale and  H Vocca and  R L Ward and  M Was and  K Yamamoto and  M Yvert and  J -P Zendri and  Z Zhang},
title = {Virgo: a laser interferometer to detect gravitational waves},
journal = {Journal of Instrumentation},
abstract = {This paper presents a complete description of Virgo, the French-Italian gravitational wave detector. The detector, built at Cascina, near Pisa (Italy), is a very large Michelson interferometer, with 3 km-long arms. In this paper, following a presentation of the physics requirements, leading to the specifications for the construction of the detector, a detailed description of all its different elements is given. These include civil engineering infrastructures, a huge ultra-high vacuum (UHV) chamber (about 6000 cubic metres), all of the optical components, including high quality mirrors and their seismic isolating suspensions, all of the electronics required to control the interferometer and for signal detection. The expected performances of these different elements are given, leading to an overall sensitivity curve as a function of the incoming gravitational wave frequency. This description represents the detector as built and used in the first data-taking runs. Improvements in different parts have been and continue to be performed, leading to better sensitivities. These will be detailed in a forthcoming paper.}
}


@article{Aasi_2015,
doi = {10.1088/0264-9381/32/7/074001},
url = {https://dx.doi.org/10.1088/0264-9381/32/7/074001},
year = {2015},
month = {mar},
publisher = {IOP Publishing},
volume = {32},
number = {7},
pages = {074001},
author = {The LIGO Scientific Collaboration and J Aasi and B P Abbott and R Abbott and T Abbott and M R Abernathy and K Ackley and C Adams and T Adams and P Addesso and R X Adhikari and V Adya and C Affeldt and N Aggarwal and O D Aguiar and A Ain and P Ajith and A Alemic and B Allen and D Amariutei and S B Anderson and W G Anderson and K Arai and M C Araya and C Arceneaux and J S Areeda and G Ashton and S Ast and S M Aston and P Aufmuth and C Aulbert and B E Aylott and S Babak and P T Baker and S W Ballmer and J C Barayoga and M Barbet and S Barclay and B C Barish and D Barker and B Barr and L Barsotti and J Bartlett and M A Barton and I Bartos and R Bassiri and J C Batch and C Baune and B Behnke and A S Bell and C Bell and M Benacquista and J Bergman and G Bergmann and C P L Berry and J Betzwieser and S Bhagwat and R Bhandare and I A Bilenko and G Billingsley and J Birch and S Biscans and C Biwer and J K Blackburn and L Blackburn and C D Blair and D Blair and O Bock and T P Bodiya and P Bojtos and C Bond and R Bork and M Born and Sukanta Bose and P R Brady and V B Braginsky and J E Brau and D O Bridges and M Brinkmann and A F Brooks and D A Brown and D D Brown and N M Brown and S Buchman and A Buikema and A Buonanno and L Cadonati and J Calderón Bustillo and J B Camp and K C Cannon and J Cao and C D Capano and S Caride and S Caudill and M Cavaglià and C Cepeda and R Chakraborty and T Chalermsongsak and S J Chamberlin and S Chao and P Charlton and Y Chen and H S Cho and M Cho and J H Chow and N Christensen and Q Chu and S Chung and G Ciani and F Clara and J A Clark and C Collette and L Cominsky and M Constancio and D Cook and T R Corbitt and N Cornish and A Corsi and C A Costa and M W Coughlin and S Countryman and P Couvares and D M Coward and M J Cowart and D C Coyne and R Coyne and K Craig and J D E Creighton and T D Creighton and J Cripe and S G Crowder and A Cumming and L Cunningham and C Cutler and K Dahl and T Dal Canton and M Damjanic and S L Danilishin and K Danzmann and L Dartez and I Dave and H Daveloza and G S Davies and E J Daw and D DeBra and W Del Pozzo and T Denker and T Dent and V Dergachev and R T DeRosa and R DeSalvo and S Dhurandhar and M D´ıaz and I Di Palma and G Dojcinoski and E Dominguez and F Donovan and K L Dooley and S Doravari and R Douglas and T P Downes and J C Driggers and Z Du and S Dwyer and T Eberle and T Edo and M Edwards and M Edwards and A Effler and H.-B Eggenstein and P Ehrens and J Eichholz and S S Eikenberry and R Essick and T Etzel and M Evans and T Evans and M Factourovich and S Fairhurst and X Fan and Q Fang and B Farr and W M Farr and M Favata and M Fays and H Fehrmann and M M Fejer and D Feldbaum and E C Ferreira and R P Fisher and Z Frei and A Freise and R Frey and T T Fricke and P Fritschel and V V Frolov and S Fuentes-Tapia and P Fulda and M Fyffe and J R Gair and S Gaonkar and N Gehrels and L Á Gergely´ and J A Giaime and K D Giardina and J Gleason and E Goetz and R Goetz and L Gondan and G González and N Gordon and M L Gorodetsky and S Gossan and S Goßler and C Gräf and P B Graff and A Grant and S Gras and C Gray and R J S Greenhalgh and A M Gretarsson and H Grote and S Grunewald and C J Guido and X Guo and K Gushwa and E K Gustafson and R Gustafson and J Hacker and E D Hall and G Hammond and M Hanke and J Hanks and C Hanna and M D Hannam and J Hanson and T Hardwick and G M Harry and I W Harry and M Hart and M T Hartman and C-J Haster and K Haughian and S Hee and M Heintze and G Heinzel and M Hendry and I S Heng and A W Heptonstall and M Heurs and M Hewitson and S Hild and D Hoak and K A Hodge and S E Hollitt and K Holt and P Hopkins and D J Hosken and J Hough and E Houston and E J Howell and Y M Hu and E Huerta and B Hughey and S Husa and S H Huttner and M Huynh and T Huynh-Dinh and A Idrisy and N Indik and D R Ingram and R Inta and G Islas and J C Isler and T Isogai and B R Iyer and K Izumi and M Jacobson and H Jang and S Jawahar and Y Ji and F Jiménez-Forteza and W W Johnson and D I Jones and R Jones and L Ju and K Haris and V Kalogera and S Kandhasamy and G Kang and J B Kanner and E Katsavounidis and W Katzman and H Kaufer and S Kaufer and T Kaur and K Kawabe and F Kawazoe and G M Keiser and D Keitel and D B Kelley and W Kells and D G Keppel and J S Key and A Khalaidovski and F Y Khalili and E A Khazanov and C Kim and K Kim and N G Kim and N Kim and Y.-M Kim and E J King and P J King and D L Kinzel and J S Kissel and S Klimenko and J Kline and S Koehlenbeck and K Kokeyama and V Kondrashov and M Korobko and W Z Korth and D B Kozak and V Kringel and B Krishnan and C Krueger and G Kuehn and A Kumar and P Kumar and L Kuo and M Landry and B Lantz and S Larson and P D Lasky and A Lazzarini and C Lazzaro and J Le and P Leaci and S Leavey and E O Lebigot and C H Lee and H K Lee and H M Lee and J R Leong and Y Levin and B Levine and J Lewis and T G F Li and K Libbrecht and A Libson and A C Lin and T B Littenberg and N A Lockerbie and V Lockett and J Logue and A L Lombardi and M Lormand and J Lough and M J Lubinski and H Lück and A P Lundgren and R Lynch and Y Ma and J Macarthur and T MacDonald and B Machenschalk and M MacInnis and D M Macleod and F Magaña-Sandoval and R Magee and M Mageswaran and C Maglione and K Mailand and I Mandel and V Mandic and V Mangano and G L Mansell and S Márka and Z Márka and A Markosyan and E Maros and I W Martin and R M Martin and D Martynov and J N Marx and K Mason and T J Massinger and F Matichard and L Matone and N Mavalvala and N Mazumder and G Mazzolo and R McCarthy and D E McClelland and S McCormick and S C McGuire and G McIntyre and J McIver and K McLin and S McWilliams and G D Meadors and M Meinders and A Melatos and G Mendell and R A Mercer and S Meshkov and C Messenger and P M Meyers and H Miao and H Middleton and E E Mikhailov and A Miller and J Miller and M Millhouse and J Ming and S Mirshekari and C Mishra and S Mitra and V P Mitrofanov and G Mitselmakher and R Mittleman and B Moe and S D Mohanty and S R P Mohapatra and B Moore and D Moraru and G Moreno and S R Morriss and K Mossavi and C M Mow-Lowry and C L Mueller and G Mueller and S Mukherjee and A Mullavey and J Munch and D Murphy and P G Murray and A Mytidis and T Nash and R K Nayak and V Necula and K Nedkova and G Newton and T Nguyen and A B Nielsen and S Nissanke and A H Nitz and D Nolting and M E N Normandin and L K Nuttall and E Ochsner and J O’Dell and E Oelker and G H Ogin and J J Oh and S H Oh and F Ohme and P Oppermann and R Oram and B O’Reilly and W Ortega and R O’Shaughnessy and C Osthelder and C D Ott and D J Ottaway and R S Ottens and H Overmier and B J Owen and C Padilla and A Pai and S Pai and O Palashov and A Pal-Singh and H Pan and C Pankow and F Pannarale and B C Pant and M A Papa and H Paris and Z Patrick and M Pedraza and L Pekowsky and A Pele and S Penn and A Perreca and M Phelps and V Pierro and I M Pinto and M Pitkin and J Poeld and A Post and A Poteomkin and J Powell and J Prasad and V Predoi and S Premachandra and T Prestegard and L R Price and M Principe and S Privitera and R Prix and L Prokhorov and O Puncken and M Pürrer and J Qin and V Quetschke and E Quintero and G Quiroga and R Quitzow-James and F J Raab and D S Rabeling and H Radkins and P Raffai and S Raja and G Rajalakshmi and M Rakhmanov and K Ramirez and V Raymond and C M Reed and S Reid and D H Reitze and O Reula and K Riles and N A Robertson and R Robie and J G Rollins and V Roma and J D Romano and G Romanov and J H Romie and S Rowan and A Rüdiger and K Ryan and S Sachdev and T Sadecki and L Sadeghian and M Saleem and F Salemi and L Sammut and V Sandberg and J R Sanders and V Sannibale and I Santiago-Prieto and B S Sathyaprakash and P R Saulson and R Savage and A Sawadsky and J Scheuer and R Schilling and P Schmidt and R Schnabel and R M S Schofield and E Schreiber and D Schuette and B F Schutz and J Scott and S M Scott and D Sellers and A S Sengupta and A Sergeev and G Serna and A Sevigny and D A Shaddock and M S Shahriar and M Shaltev and Z Shao and B Shapiro and P Shawhan and D H Shoemaker and T L Sidery and X Siemens and D Sigg and A D Silva and D Simakov and A Singer and L Singer and R Singh and A M Sintes and B J J Slagmolen and J R Smith and M R Smith and R J E Smith and N D Smith-Lefebvre and E J Son and B Sorazu and T Souradeep and A Staley and J Stebbins and M Steinke and J Steinlechner and S Steinlechner and D Steinmeyer and B C Stephens and S Steplewski and S Stevenson and R Stone and K A Strain and S Strigin and R Sturani and A L Stuver and T Z Summerscales and P J Sutton and M Szczepanczyk and G Szeifert and D Talukder and D B Tanner and M Tápai and S P Tarabrin and A Taracchini and R Taylor and G Tellez and T Theeg and M P Thirugnanasambandam and M Thomas and P Thomas and K A Thorne and K S Thorne and E Thrane and V Tiwari and C Tomlinson and C V Torres and C I Torrie and G Traylor and M Tse and D Tshilumba and D Ugolini and C S Unnikrishnan and A L Urban and S A Usman and H Vahlbruch and G Vajente and G Valdes and M Vallisneri and A A van Veggel and S Vass and R Vaulin and A Vecchio and J Veitch and P J Veitch and K Venkateswara and R Vincent-Finley and S Vitale and T Vo and C Vorvick and W D Vousden and S P Vyatchanin and A R Wade and L Wade and M Wade and M Walker and L Wallace and S Walsh and H Wang and M Wang and X Wang and R L Ward and J Warner and M Was and B Weaver and M Weinert and A J Weinstein and R Weiss and T Welborn and L Wen and P Wessels and T Westphal and K Wette and J T Whelan and S E Whitcomb and D J White and B F Whiting and C Wilkinson and L Williams and R Williams and A R Williamson and J L Willis and B Willke and M Wimmer and W Winkler and C C Wipf and H Wittel and G Woan and J Worden and S Xie and J Yablon and I Yakushin and W Yam and H Yamamoto and C C Yancey and Q Yang and M Zanolin and Fan Zhang and L Zhang and M Zhang and Y Zhang and C Zhao and M Zhou and X J Zhu and M E Zucker and S Zuraw and J Zweizig},
title = {Advanced LIGO},
journal = {Classical and Quantum Gravity},
abstract = {The Advanced LIGO gravitational wave detectors are second-generation instruments designed and built for the two LIGO observatories in Hanford, WA and Livingston, LA, USA. The two instruments are identical in design, and are specialized versions of a Michelson interferometer with 4 km long arms. As in Initial LIGO, Fabry–Perot cavities are used in the arms to increase the interaction time with a gravitational wave, and power recycling is used to increase the effective laser power. Signal recycling has been added in Advanced LIGO to improve the frequency response. In the most sensitive frequency region around 100 Hz, the design strain sensitivity is a factor of 10 better than Initial LIGO. In addition, the low frequency end of the sensitivity band is moved from 40 Hz down to 10 Hz. All interferometer components have been replaced with improved technologies to achieve this sensitivity gain. Much better seismic isolation and test mass suspensions are responsible for the gains at lower frequencies. Higher laser power, larger test masses and improved mirror coatings lead to the improved sensitivity at mid and high frequencies. Data collecting runs with these new instruments are planned to begin in mid-2015.}
}

@article{Martynov_2016,
	doi = {10.1103/physrevd.93.112004},
  
	url = {https://doi.org/10.1103%2Fphysrevd.93.112004},
  
	year = 2016,
	month = {jun},
  
	publisher = {American Physical Society ({APS})},
  
	volume = {93},
  
	number = {11},
  
	author = {D.{\hspace{0.167em}}V. Martynov and E.{\hspace{0.167em}}D. Hall and B.{\hspace{0.167em}}P. Abbott and R. Abbott and T.{\hspace{0.167em}}D. Abbott and C. Adams and R.{\hspace{0.167em}}X. Adhikari and R.{\hspace{0.167em}}A. Anderson and S.{\hspace{0.167em}}B. Anderson and K. Arai and M.{\hspace{0.167em}}A. Arain and S.{\hspace{0.167em}}M. Aston and L. Austin and S.{\hspace{0.167em}}W. Ballmer and M. Barbet and D. Barker and B. Barr and L. Barsotti and J. Bartlett and M.{\hspace{0.167em}}A. Barton and I. Bartos and J.{\hspace{0.167em}}C. Batch and A.{\hspace{0.167em}}S. Bell and I. Belopolski and J. Bergman and J. Betzwieser and G. Billingsley and J. Birch and S. Biscans and C. Biwer and E. Black and C.{\hspace{0.167em}}D. Blair and C. Bogan and C. Bond and R. Bork and D.{\hspace{0.167em}}O. Bridges and A.{\hspace{0.167em}}F. Brooks and D.{\hspace{0.167em}}D. Brown and L. Carbone and C. Celerier and G. Ciani and F. Clara and D. Cook and S.{\hspace{0.167em}}T. Countryman and M.{\hspace{0.167em}}J. Cowart and D.{\hspace{0.167em}}C. Coyne and A. Cumming and L. Cunningham and M. Damjanic and R. Dannenberg and K. Danzmann and C.{\hspace{0.167em}}F. Da Silva Costa and E.{\hspace{0.167em}}J. Daw and D. DeBra and R.{\hspace{0.167em}}T. DeRosa and R. DeSalvo and K.{\hspace{0.167em}}L. Dooley and S. Doravari and J.{\hspace{0.167em}}C. Driggers and S.{\hspace{0.167em}}E. Dwyer and A. Effler and T. Etzel and M. Evans and T.{\hspace{0.167em}}M. Evans and M. Factourovich and H. Fair and D. Feldbaum and R.{\hspace{0.167em}}P. Fisher and S. Foley and M. Frede and A. Freise and P. Fritschel and V.{\hspace{0.167em}}V. Frolov and P. Fulda and M. Fyffe and V. Galdi and J.{\hspace{0.167em}}A. Giaime and K.{\hspace{0.167em}}D. Giardina and J.{\hspace{0.167em}}R. Gleason and R. Goetz and S. Gras and C. Gray and R.{\hspace{0.167em}}J.{\hspace{0.167em}}S. Greenhalgh and H. Grote and C.{\hspace{0.167em}}J. Guido and K.{\hspace{0.167em}}E. Gushwa and E.{\hspace{0.167em}}K. Gustafson and R. Gustafson and G. Hammond and J. Hanks and J. Hanson and T. Hardwick and G.{\hspace{0.167em}}M. Harry and K. Haughian and J. Heefner and M.{\hspace{0.167em}}C. Heintze and A.{\hspace{0.167em}}W. Heptonstall and D. Hoak and J. Hough and A. Ivanov and K. Izumi and M. Jacobson and E. James and R. Jones and S. Kandhasamy and S. Karki and M. Kasprzack and S. Kaufer and K. Kawabe and W. Kells and N. Kijbunchoo and E.{\hspace{0.167em}}J. King and P.{\hspace{0.167em}}J. King and D.{\hspace{0.167em}}L. Kinzel and J.{\hspace{0.167em}}S. Kissel and K. Kokeyama and W.{\hspace{0.167em}}Z. Korth and G. Kuehn and P. Kwee and M. Landry and B. Lantz and A. Le Roux and B.{\hspace{0.167em}}M. Levine and J.{\hspace{0.167em}}B. Lewis and V. Lhuillier and N.{\hspace{0.167em}}A. Lockerbie and M. Lormand and M.{\hspace{0.167em}}J. Lubinski and A.{\hspace{0.167em}}P. Lundgren and T. MacDonald and M. MacInnis and D.{\hspace{0.167em}}M. Macleod and M. Mageswaran and K. Mailand and S. M{\'{a}}rka and Z. M{\'{a}}rka and A.{\hspace{0.167em}}S. Markosyan and E. Maros and I.{\hspace{0.167em}}W. Martin and R.{\hspace{0.167em}}M. Martin and J.{\hspace{0.167em}}N. Marx and K. Mason and T.{\hspace{0.167em}}J. Massinger and F. Matichard and N. Mavalvala and R. McCarthy and D.{\hspace{0.167em}}E. McClelland and S. McCormick and G. McIntyre and J. McIver and E.{\hspace{0.167em}}L. Merilh and M.{\hspace{0.167em}}S. Meyer and P.{\hspace{0.167em}}M. Meyers and J. Miller and R. Mittleman and G. Moreno and C.{\hspace{0.167em}}L. Mueller and G. Mueller and A. Mullavey and J. Munch and P.{\hspace{0.167em}}G. Murray and L.{\hspace{0.167em}}K. Nuttall and J. Oberling and J. O'Dell and P. Oppermann and Richard J. Oram and B. O'Reilly and C. Osthelder and D.{\hspace{0.167em}}J. Ottaway and H. Overmier and J.{\hspace{0.167em}}R. Palamos and H.{\hspace{0.167em}}R. Paris and W. Parker and Z. Patrick and A. Pele and S. Penn and M. Phelps and M. Pickenpack and V. Pierro and I. Pinto and J. Poeld and M. Principe and L. Prokhorov and O. Puncken and V. Quetschke and E.{\hspace{0.167em}}A. Quintero and F.{\hspace{0.167em}}J. Raab and H. Radkins and P. Raffai and C.{\hspace{0.167em}}R. Ramet and C.{\hspace{0.167em}}M. Reed and S. Reid and D.{\hspace{0.167em}}H. Reitze and N.{\hspace{0.167em}}A. Robertson and J.{\hspace{0.167em}}G. Rollins and V.{\hspace{0.167em}}J. Roma and J.{\hspace{0.167em}}H. Romie and S. Rowan and K. Ryan and T. Sadecki and E.{\hspace{0.167em}}J. Sanchez and V. Sandberg and V. Sannibale and R.{\hspace{0.167em}}L. Savage and R.{\hspace{0.167em}}M.{\hspace{0.167em}}S. Schofield and B. Schultz and P. Schwinberg and D. Sellers and A. Sevigny and D.{\hspace{0.167em}}A. Shaddock and Z. Shao and B. Shapiro and P. Shawhan and D.{\hspace{0.167em}}H. Shoemaker and D. Sigg and B.{\hspace{0.167em}}J.{\hspace{0.167em}}J. Slagmolen and J.{\hspace{0.167em}}R. Smith and M.{\hspace{0.167em}}R. Smith and N.{\hspace{0.167em}}D. Smith-Lefebvre and B. Sorazu and A. Staley and A.{\hspace{0.167em}}J. Stein and A. Stochino and K.{\hspace{0.167em}}A. Strain and R. Taylor and M. Thomas and P. Thomas and K.{\hspace{0.167em}}A. Thorne and E. Thrane and K.{\hspace{0.167em}}V. Tokmakov and C.{\hspace{0.167em}}I. Torrie and G. Traylor and G. Vajente and G. Valdes and A.{\hspace{0.167em}}A. van Veggel and M. Vargas and A. Vecchio and P.{\hspace{0.167em}}J. Veitch and K. Venkateswara and T. Vo and C. Vorvick and S.{\hspace{0.167em}}J. Waldman and M. Walker and R.{\hspace{0.167em}}L. Ward and J. Warner and B. Weaver and R. Weiss and T. Welborn and P. We{\ss}els and C. Wilkinson and P.{\hspace{0.167em}}A. Willems and L. Williams and B. Willke and I. Wilmut and L. Winkelmann and C.{\hspace{0.167em}}C. Wipf and J. Worden and G. Wu and H. Yamamoto and C.{\hspace{0.167em}}C. Yancey and H. Yu and L. Zhang and M.{\hspace{0.167em}}E. Zucker and J. Zweizig},
  
	title = {Sensitivity of the Advanced {LIGO} detectors at the beginning of gravitational wave astronomy},
  
	journal = {Physical Review D}
}


@misc{amaroseoane2017laser,
      title={Laser Interferometer Space Antenna}, 
      author={Pau Amaro-Seoane and Heather Audley and Stanislav Babak and John Baker and Enrico Barausse and Peter Bender and Emanuele Berti and Pierre Binetruy and Michael Born and Daniele Bortoluzzi and Jordan Camp and Chiara Caprini and Vitor Cardoso and Monica Colpi and John Conklin and Neil Cornish and Curt Cutler and Karsten Danzmann and Rita Dolesi and Luigi Ferraioli and Valerio Ferroni and Ewan Fitzsimons and Jonathan Gair and Lluis Gesa Bote and Domenico Giardini and Ferran Gibert and Catia Grimani and Hubert Halloin and Gerhard Heinzel and Thomas Hertog and Martin Hewitson and Kelly Holley-Bockelmann and Daniel Hollington and Mauro Hueller and Henri Inchauspe and Philippe Jetzer and Nikos Karnesis and Christian Killow and Antoine Klein and Bill Klipstein and Natalia Korsakova and Shane L Larson and Jeffrey Livas and Ivan Lloro and Nary Man and Davor Mance and Joseph Martino and Ignacio Mateos and Kirk McKenzie and Sean T McWilliams and Cole Miller and Guido Mueller and Germano Nardini and Gijs Nelemans and Miquel Nofrarias and Antoine Petiteau and Paolo Pivato and Eric Plagnol and Ed Porter and Jens Reiche and David Robertson and Norna Robertson and Elena Rossi and Giuliana Russano and Bernard Schutz and Alberto Sesana and David Shoemaker and Jacob Slutsky and Carlos F. Sopuerta and Tim Sumner and Nicola Tamanini and Ira Thorpe and Michael Troebs and Michele Vallisneri and Alberto Vecchio and Daniele Vetrugno and Stefano Vitale and Marta Volonteri and Gudrun Wanner and Harry Ward and Peter Wass and William Weber and John Ziemer and Peter Zweifel},
      year={2017},
      eprint={1702.00786},
      archivePrefix={arXiv},
      primaryClass={astro-ph.IM}
}


@misc{LISA,   
    title = {LISA-Laser Interferometer Space Antenna},   
    url = {https://lisa.nasa.gov/},   
    author = {NASA},    
}

@misc{amaroseoane2017laserinterferometerspaceantenna,
      title={Laser Interferometer Space Antenna}, 
      author={Pau Amaro-Seoane and Heather Audley and Stanislav Babak and John Baker and Enrico Barausse and Peter Bender and Emanuele Berti and Pierre Binetruy and Michael Born and Daniele Bortoluzzi and Jordan Camp and Chiara Caprini and Vitor Cardoso and Monica Colpi and John Conklin and Neil Cornish and Curt Cutler and Karsten Danzmann and Rita Dolesi and Luigi Ferraioli and Valerio Ferroni and Ewan Fitzsimons and Jonathan Gair and Lluis Gesa Bote and Domenico Giardini and Ferran Gibert and Catia Grimani and Hubert Halloin and Gerhard Heinzel and Thomas Hertog and Martin Hewitson and Kelly Holley-Bockelmann and Daniel Hollington and Mauro Hueller and Henri Inchauspe and Philippe Jetzer and Nikos Karnesis and Christian Killow and Antoine Klein and Bill Klipstein and Natalia Korsakova and Shane L Larson and Jeffrey Livas and Ivan Lloro and Nary Man and Davor Mance and Joseph Martino and Ignacio Mateos and Kirk McKenzie and Sean T McWilliams and Cole Miller and Guido Mueller and Germano Nardini and Gijs Nelemans and Miquel Nofrarias and Antoine Petiteau and Paolo Pivato and Eric Plagnol and Ed Porter and Jens Reiche and David Robertson and Norna Robertson and Elena Rossi and Giuliana Russano and Bernard Schutz and Alberto Sesana and David Shoemaker and Jacob Slutsky and Carlos F. Sopuerta and Tim Sumner and Nicola Tamanini and Ira Thorpe and Michael Troebs and Michele Vallisneri and Alberto Vecchio and Daniele Vetrugno and Stefano Vitale and Marta Volonteri and Gudrun Wanner and Harry Ward and Peter Wass and William Weber and John Ziemer and Peter Zweifel},
      year={2017},
      eprint={1702.00786},
      archivePrefix={arXiv},
      primaryClass={astro-ph.IM},
      url={https://arxiv.org/abs/1702.00786}, 


}

@misc{abac2025scienceeinsteintelescope,
      title={The Science of the Einstein Telescope}, 
      author={Adrian Abac and Raul Abramo and Simone Albanesi and Angelica Albertini and Alessandro Agapito and Michalis Agathos and Conrado Albertus and Nils Andersson and Tomás Andrade and Igor Andreoni and Federico Angeloni and Marco Antonelli and John Antoniadis and Fabio Antonini and Manuel Arca Sedda and M. Celeste Artale and Stefano Ascenzi and Pierre Auclair and Matteo Bachetti and Charles Badger and Biswajit Banerjee and David Barba-González and Dániel Barta and Nicola Bartolo and Andreas Bauswein and Andrea Begnoni and Freija Beirnaert and Michał Bejger and Enis Belgacem and Nicola Bellomo and Laura Bernard and Maria Grazia Bernardini and Sebastiano Bernuzzi and Christopher P. L. Berry and Emanuele Berti and Gianfranco Bertone and Dario Bettoni and Miguel Bezares and Swetha Bhagwat and Sofia Bisero and Marie Anne Bizouard and Jose J. Blanco-Pillado and Simone Blasi and Alice Bonino and Alice Borghese and Nicola Borghi and Ssohrab Borhanian and Elisa Bortolas and Maria Teresa Botticella and Marica Branchesi and Matteo Breschi and Richard Brito and Enzo Brocato and Floor S. Broekgaarden and Tomasz Bulik and Alessandra Buonanno and Fiorella Burgio and Adam Burrows and Gianluca Calcagni and Sofia Canevarolo and Enrico Cappellaro and Giulia Capurri and Carmelita Carbone and Roberto Casadio and Ramiro Cayuso and Pablo Cerdá-Durán and Prasanta Char and Sylvain Chaty and Tommaso Chiarusi and Martyna Chruslinska and Francesco Cireddu and Philippa Cole and Alberto Colombo and Monica Colpi and Geoffrey Compère and Carlo Contaldi and Maxence Corman and Francesco Crescimbeni and Sergio Cristallo and Elena Cuoco and Giulia Cusin and Tito Dal Canton and Gergely Dálya and Paolo D'Avanzo and Nazanin Davari and Valerio De Luca and Viola De Renzis and Massimo Della Valle and Walter Del Pozzo and Federico De Santi and Alessio Ludovico De Santis and Tim Dietrich and Ema Dimastrogiovanni and Guillem Domenech and Daniela Doneva and Marco Drago and Ulyana Dupletsa and Hannah Duval and Irina Dvorkin and Nancy Elias-Rosa and Stephen Fairhurst and Anthea F. Fantina and Matteo Fasiello and Maxime Fays and Rob Fender and Tobias Fischer and François Foucart and Tassos Fragos and Stefano Foffa and Gabriele Franciolini and Jonathan Gair and Rossella Gamba and Juan Garcia-Bellido and Cecilio García-Quirós and László Árpád Gergely and Giancarlo Ghirlanda and Archisman Ghosh and Bruno Giacomazzo and Fabian Gittins and Ines Francesca Giudice and Boris Goncharov and Alejandra Gonzalez and Stéphane Goriély and Luca Graziani and Giuseppe Greco and Leonardo Gualtieri and Gianluca Maria Guidi and Ish Gupta and Maria Haney and Mark Hannam and Jan Harms and Arus Harutyunyan and Brynmor Haskell and Andreas Haungs and Nandini Hazra and Gary Hemming and Ik Siong Heng and Tanja Hinderer and Alexander van der Horst and Qian Hu and Sascha Husa and Francesco Iacovelli and Giulia Illuminati and Gianluca Inguglia and David Izquierdo Villalba and Justin Janquart and Kamiel Janssens and Alexander C. Jenkins and Ian Jones and Balázs Kacskovics and Ralf S. Klessen and Kostas Kokkotas and Hao-Jui Kuan and Sumit Kumar and Sachiko Kuroyanagi and Danny Laghi and Astrid Lamberts and Gaetano Lambiase and François Larrouturou and Paola Leaci and Michele Lenzi and Andrew Levan and T. G. F. Li and Yufeng Li and Dicong Liang and Marco Limongi and Boyuan Liu and Felipe J. Llanes-Estrada and Eleonora Loffredo and Oliver Long and Eva Lope-Oter and Georgios Lukes-Gerakopoulos and Elisa Maggio and Michele Maggiore and Michele Mancarella and Michela Mapelli and Pablo Marchant and Annarita Margiotta and Alberto Mariotti and Alisha Marriott-Best and Sylvain Marsat and Gabriel Martínez-Pinedo and Andrea Maselli and Simone Mastrogiovanni and Isabela Matos and Andrea Melandri and Raissa F. P. Mendes and Josiel Mendonça Soares de Souza and Giorgio Mentasti and Mar Mezcua and Philipp Mösta and Chiranjib Mondal and Michele Moresco and Tista Mukherjee and Niccolò Muttoni and Alessandro Nagar and Harsh Narola and Lara Nava and Pablo Navarro Moreno and Gijs Nelemans and Samaya Nissanke and Martin Obergaulinger and Micaela Oertel and Gor Oganesyan and Francesca Onori and Costantino Pacilio and Giulia Pagliaroli and Cristiano Palomba and Peter T. H. Pang and Paolo Pani and Lucia Papalini and Barbara Patricelli and Alessandro Patruno and Alessandro Pedrotti and Albino Perego and Maria Angeles Pérez-García and Carole Périgois and Gabriele Perna and Celine Pérox and J. Perret and Delphine Perrodin and Alessandro Pesci and Harald P. Pfeiffer and Ornella Juliana Piccinni and Mauro Pieroni and Silvia Piranomonte and Lorenzo Pompili and E. K. Porter and Rafael A. Porto and Adam Pound and Jade Powell and Mathieu Puech and Geraint Pratten and Anna Puecher and Oriol Pujolas and Miguel Quartin and Adriana R. Raduta and Antoni Ramos-Buades and Aaron Rase and Massimiliano Razzano and Nanda Rea and Tania Regimbau and Arianna Renzini and Piero Rettegno and Angelo Ricciardone and Antonio Riotto and Alba Romero-Rodriguez and Samuele Ronchini and Dorota Rosinska and Andrea Rossi and Soumen Roy and Diego Rubiera-Garcia and J. Rubio and Pilar Ruiz-Lapuente and Violetta Sagun and Mairi Sakellariadou and Om Sharan Salafia and Anuradha Samajdar and Nicolas Sanchis-Gual and Andrea Sanna and Filippo Santoliquido and Bangalore Sathyaprakash and Patricia Schmidt and Stefano Schmidt and Fabian R. N. Schneider and Raffaella Schneider and Armen Sedrakian and Géraldine Servant and Alexander Sevrin and Lijing Shao and Hector O. Silva and Peera Simakachorn and Stephen Smartt and Thomas P. Sotiriou and Mario Spera and Antonio Stamerra and Danièle A. Steer and Jan Steinhoff and Nikolaos Stergioulas and Riccardo Sturani and Duvier Suárez and Jishnu Suresh and Shaun Swain and Matteo Tagliazucchi and Nicola Tamanini and Gianmassimo Tasinato and Thomas M. Tauris and Jacopo Tissino and Giovanni Maria Tomaselli and Silvia Toonen and Alejandro Torres-Forné and Cezary Turski and Cristiano Ugolini and Elias C. Vagenas and Lorenzo Valbusa Dall'Armi and Elena Valenti and Rosa Valiante and Chris Van Den Broeck and Maarten van de Meent and Lieke A. C. van Son and Miguel Vanvlasselaer and Massimo Vaglio and Vijay Varma and John Veitch and Ville Vaskonen and Susanna D. Vergani and Milan Wils and Helvi Witek and Isaac C. F. Wong and Stoytcho Yazadjiev and Garvin Yim and Fausto Acernese and Hojae Ahn and Annalisa Allocca and Alex Amato and Marc Andrés-Carcasona and Guerino Avallone and Markus Bachlechner and Patrick Baer and Stefano Bagnasco and Gabriele Balbi and Fabrizio Barone and Eugenio Benedetti and Charlotte Benning and Simone Bini and José Luis Blázquez Salcedo and Valerio Bozza and Matteo Bruno and Timo Butz and Matteo Califano and Enrico Calloni and Giovanni Carapella and Alessandro Cardini and Shreevathsa Chalathadka Subrahmanya and Francesco Chiadini and Antonino Chiummo and Spina Cianetti and Giacomo Ciani and Eugenio Coccia and Andrea Contu and Andrea Cozzumbo and Lewis Croney and Mariateresa Crosta and Rocco D'Agostino and Stefan Danilishin and Sabrina D'Antonio and Jorden De Bolle and Jérôme Degallaix and Mariafelicia De Laurentis and Riccardo della Monica and Francesco De Marco and Ivan de Martino and Rosario De Rosa and Riccardo De Salvo and Roberta De Simone and Christophe Detavernier and Giovanni Diaferia and Martina Di Cesare and Luciano Di Fiore and Matteo Di Giovanni and Sibilla Di Pace and Jennifer Docherty and Domenico D'Urso and Oussama El Mecherfi and Luciano Errico and Federica Fabrizi and Viviana Fafone and Viviana Fanti and Rosalba Fittipaldi and Vincenzo Fiumara and Andreas Freise and Stefan Funk and Mika Gaedtke and Fabio Garufi and Oliver Gerberding and Edoardo Giangrandi and Carlo Giunchi and Victoria Graham and Massimo Granata and Veronica Granata and Anna Green and Karen Haughian and Lavinia Heisenberg and Margot Hennig and Stefan Hild and Van Long Hoang and Nathan Holland and Gerardo Iannone and Katharina-Sophie Isleif and Robert Joppe and Chang-Hee Kim and Chunglee Kim and Kyungmin Kim and Erika Korb and Mikhail Korobko and Luise Kranzhoff and Tim Kuhlbusch and Gregoire Lacaille and Angélique Lartaux-Vollard and Lia Lavezzi and Paul Laycock and Sumi Lee and Sumin Lee and Sungho Lee and Giovanni Losurdo and Leonardo Lucchesi and Harald Lück and Adrian Macquet and Ettore Majorana and Valentina Mangano and Filippo Martelli and Iain Martin and Mario Martinez and Alberto Masoni and Luca Massaro and Daniele Melini and Amata Mercurio and Lorenzo Mereni and Andrew L. Miller and Lorenzo Mirasola and Alexandra Mitchell and Irene Molinari and Matteo Montani and Conor Mow-Lowry and Riccardo Murgia and Peter Gordon Murray and Giuseppe Muscas and Luca Naticchioni and Ardiana Nela and Marina Nery and Tom Niggemann and Niklas Nippe and Jerome Novak and Armin Numic and Marco Olivieri and Marco Orsini and June Gyu Park and Daniela Pascucci and Antonio Perreca and Francesco Piergiovanni and Vincenzo Pierro and Laurent Pinard and Innocenzo Pinto and Michele Punturo and Paola Puppo and Francesco Quochi and Reinhardt Omondi Rading and Piero Rapagnani and Marco Ricci and Davi Rodrigues and Rocco Romano and Davide Rozza and Pooya Saffarieh and Federica Santucci and Steven Schramm and Benjamin Schwab and Valeria Sequino and Liam Shelling Neto and Laura Silenzi and Alicia M. Sintes and Carlos F. Sopuerta and Andrew Spencer and Achim Stahl and Jessica Steinlechner and Sebastian Steinlechner and Róbert Szabó and Thomas Thümmler and Stefano Torniamenti and Riccardo Travaglini and Lucia Trozzo and M. Paola Vaccaro and Michele Valentini and Peter Ván and Jesse van Dongen and Joris van Heijningen and Zeb van Ranst and Marco Vardaro and Patrice Verdier and Daniele Vernieri and Nico Wagner and Janis Woehler and Joachim Wolf and Guido Zavattini and Adrian Zink and Andreas Zmija},
      year={2025},
      eprint={2503.12263},
      archivePrefix={arXiv},
      primaryClass={gr-qc},
      url={https://arxiv.org/abs/2503.12263}, 
}

@article{Maiorano_2021,
   title={Principles of Gravitational-Wave Detection with Pulsar Timing Arrays},
   volume={13},
   ISSN={2073-8994},
   url={http://dx.doi.org/10.3390/sym13122418},
   DOI={10.3390/sym13122418},
   number={12},
   journal={Symmetry},
   publisher={MDPI AG},
   author={Maiorano, Michele and De Paolis, Francesco and Nucita, Achille},
   year={2021},
   month=dec, pages={2418} }

@ARTICLE{1916AnP...354..769E,
       author = {{Einstein}, A.},
        title = "{Die Grundlage der allgemeinen Relativit{\"a}tstheorie}",
      journal = {Annalen der Physik},
         year = 1916,
        month = jan,
       volume = {354},
       number = {7},
        pages = {769-822},
          doi = {10.1002/andp.19163540702},
       adsurl = {https://ui.adsabs.harvard.edu/abs/1916AnP...354..769E},
      adsnote = {Provided by the SAO/NASA Astrophysics Data System}


@misc{pössel2019shapirotimedelayequivalence,
      title={The Shapiro time delay and the equivalence principle}, 
      author={Markus Pössel},
      year={2019},
      eprint={2001.00229},
      archivePrefix={arXiv},
      primaryClass={gr-qc},
      url={https://arxiv.org/abs/2001.00229}, 
}

@article{Bertotti:2003rm,
    author = "Bertotti, B. and Iess, L. and Tortora, P.",
    title = "{A test of general relativity using radio links with the Cassini spacecraft}",
    doi = "10.1038/nature01997",
    journal = "Nature",
    volume = "425",
    pages = "374--376",
    year = "2003"
}

@article{Isi_2019,
   title={Testing the No-Hair Theorem with GW150914},
   volume={123},
   ISSN={1079-7114},
   url={http://dx.doi.org/10.1103/PhysRevLett.123.111102},
   DOI={10.1103/physrevlett.123.111102},
   number={11},
   journal={Physical Review Letters},
   publisher={American Physical Society (APS)},
   author={Isi, Maximiliano and Giesler, Matthew and Farr, Will M. and Scheel, Mark A. and Teukolsky, Saul A.},
   year={2019},
   month=sep }

@misc{wallace2000quantizationgravityintroduction,
      title={The quantization of gravity - an introduction}, 
      author={David Wallace},
      year={2000},
      eprint={gr-qc/0004005},
      archivePrefix={arXiv},
      primaryClass={gr-qc},
      url={https://arxiv.org/abs/gr-qc/0004005}, 
}



@article{article_Lensing,
author = {Hoekstra, Henk and Bartelmann, Matthias and Dahle, Haakon and Israel, Holger and Limousin, Marceau and Meneghetti, Massimo},
year = {2013},
month = {08},
pages = {},
title = {Masses of Galaxy Clusters from Gravitational Lensing},
volume = {177},
journal = {Space Science Reviews},
doi = {10.1007/s11214-013-9978-5}
}

@misc{klačka2020alternativeapproachgravitymond,
      title={Alternative approach to gravity and MOND}, 
      author={Jozef Klačka},
      year={2020},
      eprint={1904.04074},
      archivePrefix={arXiv},
      primaryClass={astro-ph.GA},
      url={https://arxiv.org/abs/1904.04074}, 
}

@article{Huterer_2017,
   title={Dark energy two decades after: observables, probes, consistency tests},
   volume={81},
   ISSN={1361-6633},
   url={http://dx.doi.org/10.1088/1361-6633/aa997e},
   DOI={10.1088/1361-6633/aa997e},
   number={1},
   journal={Reports on Progress in Physics},
   publisher={IOP Publishing},
   author={Huterer, Dragan and Shafer, Daniel L},
   year={2017},
   month=dec, pages={016901} }

@misc{bagla2009hubblehubbleslawexpanding,
      title={Hubble, Hubble's law and the expanding universe}, 
      author={J. S. Bagla},
      year={2009},
      eprint={0904.2633},
      archivePrefix={arXiv},
      primaryClass={physics.pop-ph},
      url={https://arxiv.org/abs/0904.2633}, 
}


@article{Naruko_2016,
   title={Gravitational scalar–tensor theory},
   volume={33},
   ISSN={1361-6382},
   url={http://dx.doi.org/10.1088/0264-9381/33/9/09LT01},
   DOI={10.1088/0264-9381/33/9/09lt01},
   number={9},
   journal={Classical and Quantum Gravity},
   publisher={IOP Publishing},
   author={Naruko, Atsushi and Yoshida, Daisuke and Mukohyama, Shinji},
   year={2016},
   month=apr, pages={09LT01} 
}

@article{Sotiriou_2010,
   title={theories of gravity},
   volume={82},
   ISSN={1539-0756},
   url={http://dx.doi.org/10.1103/RevModPhys.82.451},
   DOI={10.1103/revmodphys.82.451},
   number={1},
   journal={Reviews of Modern Physics},
   publisher={American Physical Society (APS)},
   author={Sotiriou, Thomas P. and Faraoni, Valerio},
   year={2010},
   month=mar, pages={451–497} }


@inbook{Carson_2021,
   title={Testing General Relativity with Gravitational Waves},
   ISBN={9789811547027},
   url={http://dx.doi.org/10.1007/978-981-15-4702-7_41-1},
   DOI={10.1007/978-981-15-4702-7_41-1},
   booktitle={Handbook of Gravitational Wave Astronomy},
   publisher={Springer Singapore},
   author={Carson, Zack and Yagi, Kent},
   year={2021},
   pages={1–33} }

@misc{sofue2020rotationcurvemilkyway,
      title={Rotation Curve of the Milky Way and the Dark Matter Density}, 
      author={Yoshiaki Sofue},
      year={2020},
      eprint={2004.11688},
      archivePrefix={arXiv},
      primaryClass={astro-ph.GA},
      url={https://arxiv.org/abs/2004.11688}, 
}

@article{Hartwig_2022,
   title={Characterization of time delay interferometry combinations for the LISA instrument noise},
   volume={105},
   ISSN={2470-0029},
   url={http://dx.doi.org/10.1103/PhysRevD.105.062006},
   DOI={10.1103/physrevd.105.062006},
   number={6},
   journal={Physical Review D},
   publisher={American Physical Society (APS)},
   author={Hartwig, Olaf and Muratore, Martina},
   year={2022},
   month=mar }

@article{Tinto_2005,
   title={Time-Delay Interferometry},
   volume={8},
   ISSN={1433-8351},
   url={http://dx.doi.org/10.12942/lrr-2005-4},
   DOI={10.12942/lrr-2005-4},
   number={1},
   journal={Living Reviews in Relativity},
   publisher={Springer Science and Business Media LLC},
   author={Tinto, Massimo and Dhurandhar, Sanjeev V.},
   year={2005},
   month=jul }

@article{Stein_2019,
   title={qnm: A Python package for calculating Kerr quasinormal modes, separation constants, and spherical-spheroidal mixing coefficients},
   volume={4},
   ISSN={2475-9066},
   url={http://dx.doi.org/10.21105/joss.01683},
   DOI={10.21105/joss.01683},
   number={42},
   journal={Journal of Open Source Software},
   publisher={The Open Journal},
   author={Stein, Leo},
   year={2019},
   month=oct, pages={1683} }

@article{Jim_nez_Forteza_2017,
   title={Hierarchical data-driven approach to fitting numerical relativity data for nonprecessing binary black holes with an application to final spin and radiated energy},
   volume={95},
   ISSN={2470-0029},
   url={http://dx.doi.org/10.1103/PhysRevD.95.064024},
   DOI={10.1103/physrevd.95.064024},
   number={6},
   journal={Physical Review D},
   publisher={American Physical Society (APS)},
   author={Jiménez-Forteza, Xisco and Keitel, David and Husa, Sascha and Hannam, Mark and Khan, Sebastian and Pürrer, Michael},
   year={2017},
   month=mar }
   
@article{Hofmann_2016,
   title={THE FINAL SPIN FROM BINARY BLACK HOLES IN QUASI-CIRCULAR ORBITS},
   volume={825},
   ISSN={2041-8213},
   url={http://dx.doi.org/10.3847/2041-8205/825/2/L19},
   DOI={10.3847/2041-8205/825/2/l19},
   number={2},
   journal={The Astrophysical Journal},
   publisher={American Astronomical Society},
   author={Hofmann, Fabian and Barausse, Enrico and Rezzolla, Luciano},
   year={2016},
   month=jul, pages={L19} }

@article{Brito_2018,
   title={Black-hole spectroscopy by making full use of gravitational-wave modeling},
   volume={98},
   ISSN={2470-0029},
   url={http://dx.doi.org/10.1103/PhysRevD.98.084038},
   DOI={10.1103/physrevd.98.084038},
   number={8},
   journal={Physical Review D},
   publisher={American Physical Society (APS)},
   author={Brito, Richard and Buonanno, Alessandra and Raymond, Vivien},
   year={2018},
   month=oct }
   
@misc{isi2021analyzingblackholeringdowns,
      title={Analyzing black-hole ringdowns}, 
      author={Maximiliano Isi and Will M. Farr},
      year={2021},
      eprint={2107.05609},
      archivePrefix={arXiv},
      primaryClass={gr-qc},
      url={https://arxiv.org/abs/2107.05609}, 
}

@article{Meidam_2014,
   title={Testing the no-hair theorem with black hole ringdowns using TIGER},
   volume={90},
   ISSN={1550-2368},
   url={http://dx.doi.org/10.1103/PhysRevD.90.064009},
   DOI={10.1103/physrevd.90.064009},
   number={6},
   journal={Physical Review D},
   publisher={American Physical Society (APS)},
   author={Meidam, J. and Agathos, M. and Van Den Broeck, C. and Veitch, J. and Sathyaprakash, B. S.},
   year={2014},
   month=sep }

@article{Boyle_2019,
   title={The SXS collaboration catalog of binary black hole simulations},
   volume={36},
   ISSN={1361-6382},
   url={http://dx.doi.org/10.1088/1361-6382/ab34e2},
   DOI={10.1088/1361-6382/ab34e2},
   number={19},
   journal={Classical and Quantum Gravity},
   publisher={IOP Publishing},
   author={Boyle, Michael and Hemberger, Daniel and Iozzo, Dante A B and Lovelace, Geoffrey and Ossokine, Serguei and Pfeiffer, Harald P and Scheel, Mark A and Stein, Leo C and Woodford, Charles J and Zimmerman, Aaron B and Afshari, Nousha and Barkett, Kevin and Blackman, Jonathan and Chatziioannou, Katerina and Chu, Tony and Demos, Nicholas and Deppe, Nils and Field, Scott E and Fischer, Nils L and Foley, Evan and Fong, Heather and Garcia, Alyssa and Giesler, Matthew and Hebert, Francois and Hinder, Ian and Katebi, Reza and Khan, Haroon and Kidder, Lawrence E and Kumar, Prayush and Kuper, Kevin and Lim, Halston and Okounkova, Maria and Ramirez, Teresita and Rodriguez, Samuel and Rüter, Hannes R and Schmidt, Patricia and Szilagyi, Bela and Teukolsky, Saul A and Varma, Vijay and Walker, Marissa},
   year={2019},
   month=sep, pages={195006} }

@article{Marsat_2021,
   title={Exploring the Bayesian parameter estimation of binary black holes with LISA},
   volume={103},
   ISSN={2470-0029},
   url={http://dx.doi.org/10.1103/PhysRevD.103.083011},
   DOI={10.1103/physrevd.103.083011},
   number={8},
   journal={Physical Review D},
   publisher={American Physical Society (APS)},
   author={Marsat, Sylvain and Baker, John G. and Canton, Tito Dal},
   year={2021},
   month=apr }

@misc{LISA2018,
  author       = {LISA Science Study Team},
  title        = {LISA Science Requirements Document},
  year         = {2018},
  howpublished = {\url{https://www.cosmos.esa.int/documents/678316/1700384/SciRD.pdf/25831f6b-3c01-e215-5916-4ac6e4b306fb?t=1526479841000}},
  note         = {Accessed: 2025-05-13}
}

@article{Karnesis_2023,
   title={Eryn: a multipurpose sampler for Bayesian inference},
   volume={526},
   ISSN={1365-2966},
   url={http://dx.doi.org/10.1093/mnras/stad2939},
   DOI={10.1093/mnras/stad2939},
   number={4},
   journal={Monthly Notices of the Royal Astronomical Society},
   publisher={Oxford University Press (OUP)},
   author={Karnesis, Nikolaos and Katz, Michael L and Korsakova, Natalia and Gair, Jonathan R and Stergioulas, Nikolaos},
   year={2023},
   month=sep, pages={4814–4830} }
   
   
@misc{favata,
  author       = {M. Favata and SXS Collaboration and Kip Thorne},
  title        = {The Basics of Binary Coalescence},
  year         = {2021},
  url          = {https://www.soundsofspacetime.org/the-basics-of-binary-coalescence.html},
  note         = {Accessed: 2025-05-14},
  howpublished = {\url{https://www.soundsofspacetime.org/the-basics-of-binary-coalescence.html}}
}

@inproceedings{Milosavljevic__2003,
   title={The Final Parsec Problem},
   volume={686},
   ISSN={0094-243X},
   url={http://dx.doi.org/10.1063/1.1629432},
   DOI={10.1063/1.1629432},
   booktitle={AIP Conference Proceedings},
   publisher={AIP},
   author={Milosavljevicc, Milos},
   year={2003},
   pages={201–210} }

@misc{michael_katz_2023_7705496,
  author       = {Michael Katz and Nikolaos Karnesis and Natalia Korsakova},
  title        = {{mikekatz04/Eryn: first full release}},
  year         = {2023},
  month        = {March},
  publisher    = {Zenodo},
  version      = {v1.0.0},
  doi          = {10.5281/zenodo.7705496},
  url          = {https://doi.org/10.5281/zenodo.7705496},
  note         = {Software}
}


@ARTICLE{2013PASP..125..306F,
       author = {{Foreman-Mackey}, Daniel and {Hogg}, David W. and {Lang}, Dustin and {Goodman}, Jonathan},
        title = "{emcee: The MCMC Hammer}",
      journal = {Publications of the Astronomical Society of the Pacific},
     keywords = {Astrophysics - Instrumentation and Methods for Astrophysics, Physics - Computational Physics, Statistics - Computation},
         year = 2013,
        month = mar,
       volume = {125},
       number = {925},
        pages = {306},
          doi = {10.1086/670067},
archivePrefix = {arXiv},
       eprint = {1202.3665},
 primaryClass = {astro-ph.IM},
       adsurl = {https://ui.adsabs.harvard.edu/abs/2013PASP..125..306F},
      adsnote = {Provided by the SAO/NASA Astrophysics Data System}
}

@ARTICLE{1100705,
  author={Akaike, H.},
  journal={IEEE Transactions on Automatic Control}, 
  title={A new look at the statistical model identification}, 
  year={1974},
  volume={19},
  number={6},
  pages={716-723},
  keywords={Testing;Maximum likelihood estimation;Time series analysis;Estimation theory;Linear systems;Roundoff errors;History;Stochastic processes;Sampling methods;Art},
  doi={10.1109/TAC.1974.1100705}}